@book{Myatt:2012tt,
  author = {Myatt, Mark and Guevarra, Ernest and Fieschi, Lionella and Norris, Allison and Guerrero, Saul and Schofield, Lily 
  and Jones, Daniel and Emru, Ephrem and Sadler, Kate},
  title = {{Semi-Quantitative Evaluation of Access and Coverage (SQUEAC)/ Simplified Lot Quality Assurance Sampling Evaluation   of Access and Coverage (SLEAC) Technical Reference}},
  publisher = {FHI 360/FANTA},
  year = {2012},
  address = {Washington, DC},
  month = sep
}

@techreport{Epicentre:2015ty,
  author = {{Epicentre}},
  title = {{Open review of coverage methodologies: Questions, comments and ways forward}},
  institution = {Epicentre},
  year = {2015},
  month = jan
}


